<?xml version="1.0" encoding="UTF-8"?><collection xmlns="http://www.loc.gov/MARC21/slim"><record><leader>00480nam--2200121-i-4500</leader><controlfield tag="001">000028935</controlfield><controlfield tag="002">20161230</controlfield><controlfield tag="005">20161230201037</controlfield><controlfield tag="008">060222s1000------------r-----000-0-eng-d</controlfield><datafield ind1=" " ind2=" " tag="080"><subfield code="a">621.039:621.311.2(061.)</subfield></datafield><datafield ind1=" " ind2=" " tag="245"><subfield code="a">L`accresciuto ruolo dell`energia nuclear nella presente nella presente situatione energetica.atti del xx congresso nuclear di roma organizzato dal forum italiano dell:energia nucleare</subfield></datafield><datafield ind1=" " ind2=" " tag="260"><subfield code="a">Roma,Comitato Nazionale Energia Nucleare, 1975. 147p</subfield></datafield><datafield ind1=" " ind2=" " tag="852"><subfield code="a">44326</subfield></datafield></record></collection>